<record><leader>00000cas a22000007a 4500</leader><controlfield tag="001">14224468</controlfield><controlfield tag="008">860916d19141927pauwr ne      0    0eng d</controlfield><datafield ind1=" " ind2=" " tag="010"><subfield code="a">sn 87080018 </subfield></datafield><datafield ind1=" " ind2=" " tag="040"><subfield code="a">NPH</subfield><subfield code="b">eng</subfield><subfield code="c">NPH</subfield><subfield code="d">NPX</subfield><subfield code="d">NPH</subfield><subfield code="d">OCLCQ</subfield></datafield><datafield ind1=" " ind2=" " tag="042"><subfield code="a">msc</subfield></datafield><datafield ind1="0" ind2=" " tag="130"><subfield code="a">Chronicle (Shippensburg, Pa.)</subfield></datafield><datafield ind1="1" ind2="4" tag="245"><subfield code="a">The chronicle.</subfield></datafield><datafield ind1=" " ind2=" " tag="260"><subfield code="a">Shippensburg, Pa. :</subfield><subfield code="b">Shippensburg Print. Co.,</subfield><subfield code="c">1914-1927.</subfield></datafield><datafield ind1=" " ind2=" " tag="300"><subfield code="a">13 v. :</subfield><subfield code="b">ill.</subfield></datafield><datafield ind1=" " ind2=" " tag="310"><subfield code="a">Weekly</subfield></datafield><datafield ind1="0" ind2=" " tag="362"><subfield code="a">Vol. 39, no. 1 (Jan. 1, 1914)-v. 52, no. 35 (Sept. 1, 1927).</subfield></datafield><datafield ind1=" " ind2=" " tag="752"><subfield code="a">United States</subfield><subfield code="b">Pennsylvania</subfield><subfield code="c">Cumberland</subfield><subfield code="d">Shippensburg.</subfield></datafield><datafield ind1="0" ind2="0" tag="780"><subfield code="t">Shippensburg chronicle</subfield><subfield code="w">(DLC)sn 87078092</subfield><subfield code="w">(OCoLC)14224516</subfield></datafield><datafield ind1="0" ind2="7" tag="785"><subfield code="t">Shippensburg news</subfield><subfield code="w">(DLC)sn 84026353</subfield><subfield code="w">(OCoLC)10432696</subfield></datafield><datafield ind1="0" ind2="7" tag="785"><subfield code="t">News-chronicle (Shippensburg, Pa.)</subfield><subfield code="w">(DLC)sn 86083293</subfield><subfield code="w">(OCoLC)12850887</subfield></datafield></record>